%% start of file `publications.bib'.
%% Copyright 2006-2012 Xavier Danaux (xdanaux at gmail.com).
%
% This work may be distributed and/or modified under the
% conditions of the LaTeX Project Public License version 1.3c,
% available at http://www.latex-project.org/lppl/.

@STRING{myname = "\underline{Viso J.F.}"}

@inproceedings{Courseschol07,
  title		= {\textbf{Beca para asistir al curso "{IX POSLATAM} {C}ourse: {Q}uantitative {I}maging in {B}iophysics”}},
  publisher	= {XLV Reunión Anual de la Sociedad Argentina de Biofísica},
  address	= {San Miguel de Tucumán, Argentina},
  year		= {2016},
  note		= {21 al 25 de noviembre},
  month		= {nov},
}

@inproceedings{Courseschol06,
  title		= {\textbf{Beca para asistir al curso "{VIII POSLATAM} {C}ourse: {M}embrane {L}ipids, {T}ransporters, {C}hannels…and all that {C}rosstalk"}},
  publisher	= {Latin American Crosstalk in Biophysics and Physiology},
  address	= {Salto, Uruguay},
  year		= {2015},
  note		= {23 al 25 de noviembre},
  month		= {nov},
}

@inproceedings{Courseschol05,
  title		= {\textbf{Beca para asistir al curso "School in {C}omputational {C}ondensed {M}atter {P}hysics: {F}rom {A}tomistic {S}imulations to {U}niversal {M}odel {H}amiltonean"}},
  publisher	= {Abdus Salam International Centre For Theoretical Physics},
  address	= {Trieste, Italia},
  year		= {2015},
  note		= {7 al 25 de noviembre},
  month		= {sep},
}

@inproceedings{Courseschol04,
  title		= {\textbf{Beca para asistir al curso "Performing {M}olecular {S}imulations {W}ith {SIRAH} {F}orce {F}ield"}},
  publisher	= {Instituto Pasteur de Montevideo},
  address	= {Montevideo, Uruguay},
  year		= {2015},
  note		= {4 al 8 de mayo},
  month		= {may},
}

@inproceedings{Courseschol03,
  title		= {\textbf{Beca para asistir al curso "{VII POSLATAM} {C}ourse: {A}dvanced {C}oncepts of {M}embrane and {B}iomimetic {S}ystems"}},
  publisher	= {Reunión Anual de la Federación de Sociedades de Biología Experimental},
  address	= {Caxambú, Minas Gerais, Brasil},
  year		= {2014},
  note		= {26 al 30 de agosto},
  month		= {aug},
}

@inproceedings{Courseschol02,
  title		= {\textbf{Beca para asistir al curso "{VI POSLATAM} {C}ourse: {B}iophysical {A}pproaches to {S}tudy {S}ystems of {B}iological {I}nterest"}},
  publisher	= {Facultad de Ciencias Químicas. Universidad de Córdoba},
  address	= {Cordoba, Argentina},
  year		= {2013},
  note		= {28 de noviembre al 1 de diciembre},
  month		= {nov},
}

@inproceedings{Courseschol01,
  title		= {\textbf{Beca para asistir al curso "Simulación {C}omputacional {A}vanzada en {Q}uímica, {B}ioquímica y {C}iencias de {M}ateriales"}},
  publisher	= {Depto. de Química Inorgánica, Analítica y Química Física. Facultad de Ciencias Exactas y Naturales. Universidad de Buenos Aires},
  address	= {Buenos Aires, Argentina},
  year		= {2012},
  note		= {23 de julio al 3 de agosto},
  month		= {jul},
}

%% end of file `publications.bib'.
