%% start of file `publications.bib'.
%% Copyright 2006-2012 Xavier Danaux (xdanaux at gmail.com).
%
% This work may be distributed and/or modified under the
% conditions of the LaTeX Project Public License version 1.3c,
% available at http://www.latex-project.org/lppl/.

@STRING{myname = "\underline{Viso J.F.}"}

@inproceedings{Course14,
  title		= {\textbf{Seminario Introductorio A La Cristalografía De Proteínas}},
  publisher	= {Depto. de Física. Universidad Nacional del Sur},
  address	= {Bahía Blanca, Argentina},
  year		= {2016},
}

@inproceedings{Course13,
  title		= {\textbf{{IX POSLATAM} {C}ourse: {Q}uantitative {I}maging in {B}iophysics}},
  publisher	= {XLV Reunión Anual de la Sociedad Argentina de Biofísica},
  address	= {San Miguel de Tucumán, Argentina},
  year		= {2016},
}

@inproceedings{Course12,
  title		= {\textbf{Espectroscopía {I}nfrarroja: {S}u {A}plicación a la {E}lucidación {E}structural de {C}ompuestos {O}rgánicos}},
  publisher	= {Depto. de Biología, Bioquímica y Farmacia. Universidad Nacional del Sur},
  address	= {Bahía Blanca, Argentina},
  year		= {2016},
  note		= {Nota: 8},
}

@inproceedings{Course11,
  title		= {\textbf{{VIII POSLATAM} {C}ourse: {M}embrane {L}ipids, {T}ransporters, {C}hannels…and all that {C}rosstalk}},
  publisher	= {Latin American Crosstalk in Biophysics and Physiology},
  address	= {Salto, Uruguay},
  year		= {2015},
}

@inproceedings{Course10,
  title		= {\textbf{School in {C}omputational {C}ondensed {M}atter {P}hysics: {F}rom {A}tomistic {S}imulations to {U}niversal {M}odel {H}amiltonean}},
  publisher	= {Abdus Salam International Centre For Theoretical Physics},
  address	= {Trieste, Italia},
  year		= {2015},
}

@inproceedings{Course09,
  title		= {\textbf{Performing {M}olecular {S}imulations {W}ith {SIRAH} {F}orce {F}ield}},
  publisher	= {Instituto Pasteur de Montevideo},
  address	= {Montevideo, Uruguay},
  year		= {2015},
}

@inproceedings{Course08,
  title		= {\textbf{Elementos de {Q}uímica {C}uántica {A}plicados al {E}studio {T}eórico-{C}omputacional de {M}oléculas}},
  publisher	= {Depto. de Química. Universidad Nacional del Sur},
  address	= {Bahía Blanca, Argentina},
  year		= {2015},
  note		= {Nota: 9},
}

@inproceedings{Course07,
  title		= {\textbf{Diseño {C}omputacional de {P}roteínas}},
  publisher	= {Depto. de Física. Universidad Nacional del Sur},
  address	= {Bahía Blanca, Argentina},
  year		= {2014},
  note		= {Nota: 10},
}

@inproceedings{Course06,
  title		= {\textbf{{VII POSLATAM} {C}ourse: {A}dvanced {C}oncepts of {M}embrane and {B}iomimetic {S}ystems}},
  publisher	= {Reunión Anual de la Federación de Sociedades de Biología Experimental},
  address	= {Caxambú, Minas Gerais, Brasil},
  year		= {2014},
  note		= {Nota: 9},
}

@inproceedings{Course05,
  title		= {\textbf{{VI POSLATAM} {C}ourse: {B}iophysical {A}pproaches to {S}tudy {S}ystems of {B}iological {I}nterest}},
  publisher	= {Facultad de Ciencias Químicas. Universidad de Córdoba},
  address	= {Cordoba, Argentina},
  year		= {2013},
  note		= {Nota: 9.5},
}

@inproceedings{Course04,
  title		= {\textbf{Simulación {C}omputacional {A}vanzada en {Q}uímica, {B}ioquímica y {C}iencias de {M}ateriales}},
  publisher	= {Depto. de Química Inorgánica, Analítica y Química Física. Facultad de Ciencias Exactas y Naturales. Universidad de Buenos Aires},
  address	= {Buenos Aires, Argentina},
  year		= {2012},
  note		= {Nota: 8},
}

@inproceedings{Course03,
  title		= {\textbf{Biofísica {M}olecular {C}omputacional}},
  publisher	= {Depto. de Física. Universidad Nacional del Sur},
  address	= {Bahía Blanca, Argentina},
  year		= {2012},
  note		= {Nota: 10},
}

@inproceedings{Course02,
  title		= {\textbf{Metodología de la {I}nvestigación Científica}},
  publisher	= {Depto. de Humanidades. Universidad Nacional del Sur},
  address	= {Bahía Blanca, Argentina},
  year		= {2012},
  note		= {Nota: 9},
}

@inproceedings{Course01,
  title		= {\textbf{Fundamentos de {B}ioinformática}},
  publisher	= {Depto. de Ciencias e Ingeniería de la Computación. Universidad Nacional del Sur},
  address	= {Bahía Blanca, Argentina},
  year		= {2012},
  note		= {Nota: 10},
}

%% end of file `publications.bib'.
