%% start of file `publications.bib'.
%% Copyright 2006-2012 Xavier Danaux (xdanaux at gmail.com).
%
% This work may be distributed and/or modified under the
% conditions of the LaTeX Project Public License version 1.3c,
% available at http://www.latex-project.org/lppl/.

@STRING{myname = "\underline{Viso J.F.}"}

@inproceedings{Other16,
  title		= {Participación en la {XLV} {R}eunión de la {S}ociedad {A}rgentina de {B}iofísica},
  year		= {2016},
}

@inproceedings{Other15,
  title		= {Participación en el {L}atin {A}merican {C}rosstalk in {B}iophysics and {P}hysiology},
  year		= {2015},
}

@inproceedings{Other14,
  title		= {Participación en la 8ta. {J}ornadas {A}biertas del {D}epartamento de {F}ísica de la {UNS}},
  year		= {2015},
}

@inproceedings{Other13,
  title		= {Participación en la {XLIII} {R}eunión de la {S}ociedad {A}rgentina de {B}iofísica},
  year		= {2014},
}

@inproceedings{Other12,
  title		= {Participación en la {XXIX} {R}eunión de la {F}ederación de {S}ociedades de {B}iología {E}xperimental {B}rasileras},
  year		= {2014},
}

@inproceedings{Other11,
  title		= {Participación en el 12º {C}ongreso de {F}ísica {E}stadística y {A}plicaciones a la {M}ateria {C}ondensada},
  year		= {2014},
}

@inproceedings{Other10,
  title		= {Participación en la {XLII} {R}eunión de la {S}ociedad {A}rgentina de {B}iofísica},
  year		= {2013},
}

@inproceedings{Other09,
  title		= {Participación en la 98va. {R}eunión {N}acional de {F}ísica},
  year		= {2013},
}

@inproceedings{Other08,
  title		= {Participación en la {XLI} {R}eunión de la {S}ociedad {A}rgentina de {B}iofísica},
  year		= {2012},
}

@inproceedings{Other07,
  title		= {Participación en la 7ta. {J}ornadas {A}biertas del {D}epartamento de {F}ísica de la {UNS}},
  year		= {2012},
}

@inproceedings{Other06,
  title		= {Participación en el 4to. {C}ongreso {A}rgentino de {M}ateria {B}landa},
  year		= {2012},
}

@inproceedings{Other05,
  title		= {Tutor del {D}epartamento de {F}ísica de la {UNS} en el {P}rograma de {T}utorías {PACENI}},
  year		= {2012},
}

@inproceedings{Other04,
  title		= {Participación en la 6ta. {J}ornadas {A}biertas del {D}epartamento de {F}ísica de la {UNS}},
  year		= {2010},
}

@inproceedings{Other03,
  title		= {Participación en la 95va. {R}eunión {N}acional de {F}ísica},
  year		= {2010},
}

@inproceedings{Other02,
  title		= {Participación en la 1era. {R}eunión {C}onjunta {AFA SUF}},
  year		= {2008},
}

@inproceedings{Other01,
  title		= {Participación en la 5ta. {J}ornadas {A}biertas del {D}epartamento de {F}ísica de la {UNS}},
  year		= {2007},
}

%% end of file `publications.bib'.
