%% start of file `publications.bib'.
%% Copyright 2006-2012 Xavier Danaux (xdanaux at gmail.com).
%
% This work may be distributed and/or modified under the
% conditions of the LaTeX Project Public License version 1.3c,
% available at http://www.latex-project.org/lppl/.

@STRING{myname = "\underline{Viso J.F.}"}

@article{zamarreño17,
    author	= "Zamarreño F. and Giorgetti A. and Amundarain M.J. and Viso J.F. and Córsico B. and Costabel M.D.",
    title	= "\textbf{Conserved charged amino acids are key determinants for Fatty Acid Binding Proteins (FABPs)-Membrane interactions. A multi-methodological computational approach}",
    year		= "2017",
    journal	= "J Biomol Struct Dyn",
    volume	= "",
    number	= "",
    pages	= "1--17",
    month	= "march"
}

@article{amundarain18,
    author	= "Amundarain M.J. and Viso J.F. and Zamarreño F. and Giorgetti A. and Costabel M.D.",
    title	= "\textbf{Orthosteric and benzodiazepine cavities of the $\alpha_1\beta_2\gamma_2$ {GABAA} receptor: Insights from experimentally-validated in silico methods}",
    year		= "2018",
    journal	= "J Biomol Struct Dyn",
    volume	= "",
    number	= "",
    pages	= "",
    month	= "Aceptado"
}

@article{viso18,
    author	= "Viso J.F. and Belelli P. and Machado M. and González H. and Pantano S. and Amundarain M.J. and Zamarreño F. and Branda M.M. and Guérin D.M.A and Costabel M.D.",
    title	= "\textbf{Multiscale modelization in a small virus: Mechanism of proton channeling and its role in triggering capsid disassembly}",
    year		= "2018",
    journal	= "PLOS Computational Biology",
    volume	= "",
    number	= "",
    pages	= "",
    month	= "Aceptado"
}




%% end of file `publications.bib'.
