%% start of file `publications.bib'.
%% Copyright 2006-2012 Xavier Danaux (xdanaux at gmail.com).
%
% This work may be distributed and/or modified under the
% conditions of the LaTeX Project Public License version 1.3c,
% available at http://www.latex-project.org/lppl/.

@STRING{myname = "\underline{Viso J.F.}"}

@inproceedings{Poster23,
  author 	= {Viso J.F. and Zamarreño F. and Amundarain M.J. and Guérin D.M.A. and Costabel M.D.},
  title		= {\textbf{Potential of {M}ean {F}orces of a {M}g$^{2+}$ along a possible pore in the
5-fold symmetry axis of {T}riatoma {V}irus}},
  publisher	= {XLV Reunión Anual de la Sociedad Argentina de Biofísica},
  address	= {San Miguel de Tucumán, Argentina},
  year		= {2016},
  month		= {nov},
}

@inproceedings{Poster22,
  author 	= {Amundarain M.J. and Zamarreño F. and Viso J.F. and Costabel M.D.},
  title		= {\textbf{An in silico Approach towards a better understanding of {GABAA} receptors’ structure/function relationship}},
  publisher	= {XLV Reunión Anual de la Sociedad Argentina de Biofísica},
  address	= {San Miguel de Tucumán, Argentina},
  year		= {2016},
  month		= {nov},
}

@inproceedings{Poster21,
  author 	= {Jaure O. and Viso J.F. and Amundarain M.J. and Zamarreño F. and Costabel M.D.},
  title		= {\textbf{Interactomic analysis of pro-apoptotic members of {B}cl-2 protein family}},
  publisher	= {XLV Reunión Anual de la Sociedad Argentina de Biofísica},
  address	= {San Miguel de Tucumán, Argentina},
  year		= {2016},
  month		= {nov},
}

@inproceedings{Poster20,
  author 	= {Machado M. and Viso J.F. and Costabel M.D. and Pantano S.},
  title		= {\textbf{Affordable viral particle’s simulations on desktop computers using {SIRAH} force field}},
  publisher	= {XLV Reunión Anual de la Sociedad Argentina de Biofísica},
  address	= {San Miguel de Tucumán, Argentina},
  year		= {2016},
  month		= {nov},
}

@inproceedings{Poster19,
  author 	= {Viso J.F. and Zamarreño F. and Amundarain M.J. and Guérin D.M.A. and Costabel M.D.},
  title		= {\textbf{Possible pore in the 5-fold symmetry axis of {T}riatoma {V}irus Capsid. {C}omparison with membrane protein channels}},
  publisher	= {Latin American Crosstalk in Biophysics and Physiology},
  address	= {Salto, Uruguay},
  year		= {2015},
  month		= {nov},
}

@inproceedings{Poster18,
  author 	= {Amundarain M.J. and Zamarreño F. and Viso J.F. and Costabel M.D.},
  title		= {\textbf{Comparative model of a {GABAA} receptor based on the crystal structure of human \textbeta3 homopentamer}},
  publisher	= {Latin American Crosstalk in Biophysics and Physiology},
  address	= {Salto, Uruguay},
  year		= {2015},
  month		= {nov},
}

@inproceedings{Poster17,
  author 	= {Viso J.F. and Zamarreño F. and Amundarain M.J. and Pantano S. and Guérin D.M.A. and Costabel M.D.},
  title		= {\textbf{Analysis of the 5-fold symmetry axis of {T}riatoma {V}irus using Hybrid Molecular Dynamics}},
  publisher	= {School in Computational Condensed Matter Physics},
  address	= {Trieste, Italia},
  year		= {2015},
  month		= {sep},
}

@inproceedings{Poster16,
  author 	= {Viso J.F. and Lopez-Marijuan I. and Zamarreño F. and Amundarain M.J. and Guérin D.M.A. and Costabel M.D.},
  title		= {\textbf{Putative Hydrophobic Gate in the 5-Fold Axis of {TrV} Viral Capsid}},
  publisher	= {BioFiViNet III - Physical Virology: From Structure to Evolution},
  address	= {Bilbao, España},
  year		= {2015},
  month		= {mar},
}

@inproceedings{Poster15,
  author 	= {Amundarain M.J. and Zamarreño F. and Viso J.F.  and Dodero V.I. and Costabel M.D.},
  title		= {\textbf{Electrostatic study of the interaction between 33-mer Octamer and Biological Membranes}},
  publisher	= {XLIII Reunión Anual de la Sociedad Argentina de Biofísica},
  address	= {Sierra de la Ventana, Argentina},
  year		= {2014},
  month		= {dec},
}

@inproceedings{Poster14,
  author 	= {Zamarreño F. and Viso J.F. and Amundarain M.J. and Ibáñez-Shimabukuru M. and Córsico B. and Costabel M.D.},
  title		= {\textbf{Multimethodological study of non-classical {F}abes interactions with biological membrane. {E}vidence of a third mechanism}},
  publisher	= {XLIII Reunión Anual de la Sociedad Argentina de Biofísica},
  address	= {Sierra de la Ventana, Argentina},
  year		= {2014},
  month		= {dec},
}

@inproceedings{Poster13,
  author 	= {Viso J.F. and Zamarreño F. and Amundarain M.J. and Guérin D.M.A. and Costabel M.D.},
  title		= {\textbf{Insights into the structure of {T}riatoma {V}irus ({TrV}) capsid. {C}ombining crystallography data with computational simulations}},
  publisher	= {Latin American Summit Meeting Biological Crystallography and Complementary Methods},
  address	= {Campinas, Brasil},
  year		= {2014},
  month		= {sep},
}

@inproceedings{Poster12,
  author 	= {Viso J.F. and Zamarreño F. and Amundarain M.J. and Guérin D.M.A. and Costabel M.D.},
  title		= {\textbf{Analysis of the five-fold symmetry axis of icosahedral virus capsids}},
  publisher	= {Reunión Anual de la Federación de Sociedades de Biología Experimental},
  address	= {Caxambú, Brasil},
  year		= {2014},
  month		= {aug},
}

@inproceedings{Poster11,
  author 	= {Amundarain M.J. and Zamarreño F. and Viso J.F.  and Dodero V.I. and Costabel M.D.},
  title		= {\textbf{Computational evaluation of the first oligomers formed in the auto-aggregation process of 33-mer peptide}},
  publisher	= {Reunión Anual de la Federación de Sociedades de Biología Experimental},
  address	= {Caxambú, Brasil},
  year		= {2014},
  month		= {aug},
}

@inproceedings{Poster10,
  author 	= {Viso J.F. and Zamarreño F. and Amundarain M.J. and Guérin D.M.A. and Costabel M.D.},
  title		= {\textbf{Modelado in silico de la interacción entre la proteína VP4 de la cápside de triatoma virus y una membrana biológica}},
  publisher	= {12º Congreso de Física Estadística y Aplicaciones a la Materia Condensada},
  address	= {Bahía Blanca, Argentina},
  year		= {2014},
  month		= {may},
}

@inproceedings{Poster09,
  author 	= {Amundarain M.J. and Zamarreño F. and Viso J.F.  and Dodero V.I. and Costabel M.D.},
  title		= {\textbf{Evaluación Computacional de los primeros pasos del proceso de agregación del péptido inmunogénico 33-mer}},
  publisher	= {12º Congreso de Física Estadística y Aplicaciones a la Materia Condensada},
  address	= {Bahía Blanca, Argentina},
  year		= {2014},
  month		= {may},
}

@inproceedings{Poster08,
  author 	= {Viso J.F. and Zamarreño F. and Amundarain M.J. and Guérin D.M.A. and Costabel M.D.},
  title		= {\textbf{Preliminary results in the hidratation of the hydrophobic region of the 5-fold symmetry axis of {TrV}}},
  publisher	= {XLII Reunión Anual de la Sociedad Argentina de Biofísica},
  address	= {Villa Carlos Paz, Argentina},
  year		= {2013},
  month		= {dec},
}

@inproceedings{Poster07,
  author 	= {Amundarain M.J. and Zamarreño F. and Viso J.F.  and Dodero V.I. and Costabel M.D.},
  title		= {\textbf{In {S}ilico evaluation of the auto-aggregation process of 33-mer {G}liadin peptide}},
  publisher	= {XLII Reunión Anual de la Sociedad Argentina de Biofísica},
  address	= {Villa Carlos Paz, Argentina},
  year		= {2013},
  month		= {dec},
}

@inproceedings{Poster06,
  author 	= {Viso J.F. and Zamarreño F. and Amundarain M.J. and Guérin D.M.A. and Costabel M.D.},
  title		= {\textbf{Estudios Estructurales en Cápsides de Virus Icosaédricos}},
  publisher	= {Reunión Anual de Física. San Carlos de Bariloche},
  address	= {San Carlos de Bariloche, Argentina},
  year		= {2013},
  month		= {sep},
}

@inproceedings{Poster05,
  author 	= {Viso J.F. and Zamarreño F. and Amundarain M.J. and Guérin D.M.A. and Costabel M.D.},
  title		= {\textbf{In silico analysis of five-fold axis in {TrV} Capsids}},
  publisher	= {XLI Reunión Anual de la Sociedad Argentina de Biofísica},
  address	= {San Miguel de Tucumán, Argentina},
  year		= {2012},
  month		= {dec},
}

@inproceedings{Poster04,
  author 	= {Amundarain M.J. and Zamarreño F. and Giménez M. and Viso J.F. and Herrera M.G. and Dodero V.I. and Costabel M.D.},
  title		= {\textbf{A computational analysis of the first steps of the auto-aggregation of the {G}liadin peptide p33}},
  publisher	= {XLI Reunión Anual de la Sociedad Argentina de Biofísica},
  address	= {San Miguel de Tucumán, Argentina},
  year		= {2012},
  month		= {dec},
}

@inproceedings{Poster03,
  author 	= {Rodríguez K.V. and Otero G.S. and Pincelli M.M. and Carletti C.E. and Rucci J.A. and Bechthold P. and Quiroga M. and Martínez C. and Cariatore D. and García N. and Viso J.F. and Gómez I. and Reimers W. and Fernández Miconi E. and Cardoso Schwindt V. and Otranto S.},
  title		= {\textbf{‘Curiosos en {A}cción’: {T}aller de Ciencias para Docentes del Nivel Inicial, Primario y Secundario}},
  publisher	= {7º Jornadas Bonaerenses de Extensión Universitaria},
  address	= {Bahía Blanca, Argentina},
  year		= {2012},
  month		= {mar},
}

@inproceedings{Poster02,
  author 	= {Zamarreño F. and Viso J.F. and Sánchez Fornillo N.E. and Costabel M. D.},
  title		= {\textbf{Análisis de la relación estructura-función {A}cyl {CoA} {B}inding {P}rotein ({ACBP})}},
  publisher	= {XL Reunión Anual de la Sociedad Argentina de Biofísica},
  address	= {Buenos Aires, Argentina},
  year		= {2011},
  month		= {dec},
}

@inproceedings{Poster01,
  author 	= {Zamarreño F. and Amundarain M.J. and Viso J.F. and Herrera F. and Costabel M. D.},
  title		= {\textbf{Cálculo computacional de la interacción electroestática en la unión de proteínas transportadoras de ácidos grasos con membranas biológicas}},
  publisher	= {XL Reunión Anual de la Sociedad Argentina de Biofísica},
  address	= {Buenos Aires, Argentina},
  year		= {2011},
  month		= {dec},
}

%% end of file `publications.bib'.
